%YAML 1.1
%TAG !u! tag:unity3d.com,2011:
--- !u!1 &174920
GameObject:
  m_ObjectHideFlags: 0
  m_PrefabParentObject: {fileID: 0}
  m_PrefabInternal: {fileID: 100100000}
  serializedVersion: 4
  m_Component:
  - 4: {fileID: 419986}
  - 114: {fileID: 11449348}
  - 114: {fileID: 11494288}
  - 114: {fileID: 11420064}
  - 114: {fileID: 11441646}
  m_Layer: 0
  m_Name: GameController
  m_TagString: GameController
  m_Icon: {fileID: 0}
  m_NavMeshLayer: 0
  m_StaticEditorFlags: 0
  m_IsActive: 1
--- !u!4 &419986
Transform:
  m_ObjectHideFlags: 1
  m_PrefabParentObject: {fileID: 0}
  m_PrefabInternal: {fileID: 100100000}
  m_GameObject: {fileID: 174920}
  m_LocalRotation: {x: 0, y: 0, z: 0, w: 1}
  m_LocalPosition: {x: 0, y: 0, z: 0}
  m_LocalScale: {x: 1, y: 1, z: 1}
  m_Children: []
  m_Father: {fileID: 0}
  m_RootOrder: 0
--- !u!114 &11420064
MonoBehaviour:
  m_ObjectHideFlags: 1
  m_PrefabParentObject: {fileID: 0}
  m_PrefabInternal: {fileID: 100100000}
  m_GameObject: {fileID: 174920}
  m_Enabled: 1
  m_EditorHideFlags: 0
  m_Script: {fileID: 11500000, guid: c43232a1106332d4b8e4570ce6292965, type: 3}
  m_Name: 
  m_EditorClassIdentifier: 
  SVIDirect: 0
  SVIIndirect: 0
--- !u!114 &11441646
MonoBehaviour:
  m_ObjectHideFlags: 1
  m_PrefabParentObject: {fileID: 0}
  m_PrefabInternal: {fileID: 100100000}
  m_GameObject: {fileID: 174920}
  m_Enabled: 1
  m_EditorHideFlags: 0
  m_Script: {fileID: 11500000, guid: 8da08da020fcec340b6faefd1c8365f0, type: 3}
  m_Name: 
  m_EditorClassIdentifier: 
  steps:
  - {fileID: 8300000, guid: 2e08e5ca7eb2bd24b844928ab5b128d5, type: 3}
  - {fileID: 8300000, guid: cf73d95990a41d8428e173e7869c0f2c, type: 3}
  - {fileID: 8300000, guid: 80392e05f3b11ec478b2c1a23e1aa694, type: 3}
  - {fileID: 8300000, guid: fde30d8334c34c74e8e66b4583d2b188, type: 3}
  - {fileID: 8300000, guid: 07852725a7c5a5440842c10f40a4956f, type: 3}
  - {fileID: 8300000, guid: d600ee38d2ecb16498aa83bbaf577378, type: 3}
  - {fileID: 8300000, guid: 86682b050db3f5f4aa0bcad57b408143, type: 3}
  - {fileID: 8300000, guid: 10e577f7b11e10448ad16965fbc92bb0, type: 3}
  - {fileID: 8300000, guid: 783bb69a41c2e1d47ae93f47e967ed6c, type: 3}
  - {fileID: 8300000, guid: d461b33c0fdd6e249980f7e101efbef8, type: 3}
  jumps:
  - {fileID: 8300000, guid: 025fba5887c64f54f8e1fa375a4074b7, type: 3}
  - {fileID: 8300000, guid: e1814a6a3b119ff4eba4ce7c3b468260, type: 3}
  landing:
  - {fileID: 8300000, guid: c9b610dde652b794883eda133c7b1809, type: 3}
  - {fileID: 8300000, guid: f187736723da1e548b1fe5e8831af208, type: 3}
  - {fileID: 8300000, guid: 281d81f8a78e8ca41a9ae0cc1bfbb529, type: 3}
  - {fileID: 8300000, guid: b7e9d71885a9b324eb7a3f4022e4d6e6, type: 3}
  - {fileID: 8300000, guid: b3efd03ac0940ab479a0dd6c48697fc1, type: 3}
  breath:
  - {fileID: 8300000, guid: ecdaeda2c673c824ca02d8d662e582e4, type: 3}
  - {fileID: 8300000, guid: 27e9e3cad90f54c4cb128e89a378eef7, type: 3}
  heartbeat:
  - {fileID: 8300000, guid: 806d31a2817eaaa4e9f65f36112ce0aa, type: 3}
  - {fileID: 8300000, guid: 969d242b0beebdf4f8d624756ee448f4, type: 3}
  voicesIntrigued:
  - {fileID: 8300000, guid: 35333f47e77227c4494838aa30a3dd4e, type: 3}
  - {fileID: 8300000, guid: 26adc3257c00f6b4c8446c60f9910397, type: 3}
  - {fileID: 8300000, guid: 5f2cdaeb9f5b63548aec65952445b2f5, type: 3}
  - {fileID: 8300000, guid: 4200757c55cfd3340ba96c98e4015001, type: 3}
  - {fileID: 8300000, guid: 83387dcc8b842614fa527c94aa9a7fb0, type: 3}
  - {fileID: 8300000, guid: 5a4fd93701cde7649b0ec79d70465219, type: 3}
  - {fileID: 8300000, guid: 830c7f519c6d02a44b88b9281f912e5e, type: 3}
  - {fileID: 8300000, guid: 6c6b7629e6d43094ca7624a5933a43d6, type: 3}
  voicesCalmed:
  - {fileID: 8300000, guid: a91ad2577c9741c4899e354e4a611f78, type: 3}
  - {fileID: 8300000, guid: c0a1517e4df74a146b40666a0082fea6, type: 3}
  - {fileID: 8300000, guid: 84537e6713181804c94e113a77281960, type: 3}
  - {fileID: 8300000, guid: e232c401ef6b5ef47826db9919fe4f8f, type: 3}
  - {fileID: 8300000, guid: ff9e51102f0dbdc4ab016f677d306f78, type: 3}
  shots:
  - {fileID: 8300000, guid: bd424db9900172040a6bc93a67c48264, type: 3}
  - {fileID: 8300000, guid: 4f1decb91e660e74aa830f060336054b, type: 3}
  - {fileID: 8300000, guid: e21ada12e09b03a42973daad14f25139, type: 3}
  - {fileID: 8300000, guid: e4551598fb55a354aa1ff519e41899a6, type: 3}
  - {fileID: 8300000, guid: eb373a3301079a444bfa188929856bbf, type: 3}
  - {fileID: 8300000, guid: d58f4aa361a5ca54685b8888da049114, type: 3}
  - {fileID: 8300000, guid: b06b2a3c0260e994a94a7513fedd1a4a, type: 3}
  doorOpen:
  - {fileID: 8300000, guid: 4eec5bd13df7f9e428406f9a505218f6, type: 3}
  - {fileID: 8300000, guid: cf544254fd8e3484f89c7ddd092a1da8, type: 3}
  doorClose:
  - {fileID: 8300000, guid: 2983a4510c070f04ea0450ec9039e4c0, type: 3}
  - {fileID: 8300000, guid: bf324faf83756024486caff02816c581, type: 3}
  ambience:
  - {fileID: 8300000, guid: ee8ac27c59e3aaa43811b5651f2f46b3, type: 3}
  - {fileID: 8300000, guid: 09b13d47cfcb7f547b82d89bd9f7a26f, type: 3}
  misc:
  - {fileID: 8300000, guid: 921646c14fb282447a9db24909d7b35a, type: 3}
  - {fileID: 8300000, guid: 5fd146430e1fb6b40a5ba46f8de75d4c, type: 3}
  - {fileID: 8300000, guid: e312e971ec15e3442ab83ca32e202e6a, type: 3}
  - {fileID: 8300000, guid: 064086f3be8adab4d8c1d126166bdbc3, type: 3}
  - {fileID: 8300000, guid: 2971ea910d378b84591f2108f0701fc8, type: 3}
  lighter:
  - {fileID: 8300000, guid: c870fc0399a67f64898e3d62aca6ff5b, type: 3}
  - {fileID: 8300000, guid: 22c5b5db6c334c94ba014d3e698203e2, type: 3}
  - {fileID: 8300000, guid: d12094e9420db0e4fafbdda4c6b93fa9, type: 3}
  - {fileID: 8300000, guid: ae87089a4034b694cb545647b76dfc80, type: 3}
  - {fileID: 8300000, guid: 2f069fbcffb21a14db66da7324bfa5f1, type: 3}
  zippo:
  - {fileID: 8300000, guid: 28d46dbe8ac250d469c25b132eeec25a, type: 3}
  - {fileID: 8300000, guid: 5e1a3fc585ffcf0408985a7ec62340fd, type: 3}
--- !u!114 &11449348
MonoBehaviour:
  m_ObjectHideFlags: 1
  m_PrefabParentObject: {fileID: 0}
  m_PrefabInternal: {fileID: 100100000}
  m_GameObject: {fileID: 174920}
  m_Enabled: 1
  m_EditorHideFlags: 0
  m_Script: {fileID: 11500000, guid: a15594e70ab4ec14ea4d3d1845936ae6, type: 3}
  m_Name: 
  m_EditorClassIdentifier: 
  dyingState: 0
  deadBool: 0
  locomotionState: 0
  speedFloat: 0
  npcShootingBool: 0
  shotFloat: 0
  aimWeightFloat: 0
  angularSpeedFloat: 0
  openBool: 0
--- !u!114 &11494288
MonoBehaviour:
  m_ObjectHideFlags: 1
  m_PrefabParentObject: {fileID: 0}
  m_PrefabInternal: {fileID: 100100000}
  m_GameObject: {fileID: 174920}
  m_Enabled: 1
  m_EditorHideFlags: 0
  m_Script: {fileID: 11500000, guid: 36f4a44bc26d8af4b88716509a47e3b6, type: 3}
  m_Name: 
  m_EditorClassIdentifier: 
  globalLastKnownPosition: {x: 1000, y: 1000, z: 1000}
  resetPosition: {x: 1000, y: 1000, z: 1000}
  currentPlayerPosition: {x: 0, y: 0, z: 0}
--- !u!1001 &100100000
Prefab:
  m_ObjectHideFlags: 1
  serializedVersion: 2
  m_Modification:
    m_TransformParent: {fileID: 0}
    m_Modifications: []
    m_RemovedComponents: []
  m_ParentPrefab: {fileID: 0}
  m_RootGameObject: {fileID: 174920}
  m_IsPrefabParent: 1
