%YAML 1.1
%TAG !u! tag:unity3d.com,2011:
--- !u!1 &119252
GameObject:
  m_ObjectHideFlags: 0
  m_PrefabParentObject: {fileID: 0}
  m_PrefabInternal: {fileID: 100100000}
  serializedVersion: 4
  m_Component:
  - 224: {fileID: 22405700}
  - 33: {fileID: 3389222}
  - 65: {fileID: 6553166}
  - 23: {fileID: 2339486}
  m_Layer: 0
  m_Name: Package
  m_TagString: Item
  m_Icon: {fileID: 0}
  m_NavMeshLayer: 0
  m_StaticEditorFlags: 0
  m_IsActive: 1
--- !u!23 &2339486
MeshRenderer:
  m_ObjectHideFlags: 1
  m_PrefabParentObject: {fileID: 0}
  m_PrefabInternal: {fileID: 100100000}
  m_GameObject: {fileID: 119252}
  m_Enabled: 1
  m_CastShadows: 1
  m_ReceiveShadows: 1
  m_Materials:
  - {fileID: 2100000, guid: c158d27609e3c004b9f0d84e5b427069, type: 2}
  m_SubsetIndices: 
  m_StaticBatchRoot: {fileID: 0}
  m_UseLightProbes: 1
  m_ReflectionProbeUsage: 1
  m_ProbeAnchor: {fileID: 0}
  m_ScaleInLightmap: 1
  m_PreserveUVs: 1
  m_IgnoreNormalsForChartDetection: 0
  m_ImportantGI: 0
  m_MinimumChartSize: 4
  m_AutoUVMaxDistance: 0.5
  m_AutoUVMaxAngle: 89
  m_LightmapParameters: {fileID: 0}
  m_SortingLayerID: 0
  m_SortingOrder: 0
--- !u!33 &3389222
MeshFilter:
  m_ObjectHideFlags: 1
  m_PrefabParentObject: {fileID: 0}
  m_PrefabInternal: {fileID: 100100000}
  m_GameObject: {fileID: 119252}
  m_Mesh: {fileID: 10202, guid: 0000000000000000e000000000000000, type: 0}
--- !u!65 &6553166
BoxCollider:
  m_ObjectHideFlags: 1
  m_PrefabParentObject: {fileID: 0}
  m_PrefabInternal: {fileID: 100100000}
  m_GameObject: {fileID: 119252}
  m_Material: {fileID: 0}
  m_IsTrigger: 0
  m_Enabled: 1
  serializedVersion: 2
  m_Size: {x: 1, y: 1, z: 1}
  m_Center: {x: 0, y: 0, z: 0}
--- !u!224 &22405700
RectTransform:
  m_ObjectHideFlags: 1
  m_PrefabParentObject: {fileID: 0}
  m_PrefabInternal: {fileID: 100100000}
  m_GameObject: {fileID: 119252}
  m_LocalRotation: {x: 0, y: 0, z: 0, w: 1}
  m_LocalPosition: {x: 0, y: 0, z: 8.45}
  m_LocalScale: {x: 0.38088837, y: 0.314883, z: 0.532739}
  m_Children: []
  m_Father: {fileID: 0}
  m_RootOrder: 0
  m_AnchorMin: {x: 0.5, y: 0.5}
  m_AnchorMax: {x: 0.5, y: 0.5}
  m_AnchoredPosition: {x: 3.59, y: 0.65}
  m_SizeDelta: {x: 100, y: 100}
  m_Pivot: {x: 0.5, y: 0.5}
--- !u!1001 &100100000
Prefab:
  m_ObjectHideFlags: 1
  serializedVersion: 2
  m_Modification:
    m_TransformParent: {fileID: 0}
    m_Modifications: []
    m_RemovedComponents: []
  m_ParentPrefab: {fileID: 0}
  m_RootGameObject: {fileID: 119252}
  m_IsPrefabParent: 1
